<?xml version="1.0" encoding="UTF-8"?><collection xmlns="http://www.loc.gov/MARC21/slim"><record><leader>00574nam--2200181-i-4500</leader><controlfield tag="001">000024330</controlfield><controlfield tag="002">20161230</controlfield><controlfield tag="005">20161230201035</controlfield><controlfield tag="008">060222s1000------------r-----000-0-eng-d</controlfield><datafield ind1=" " ind2=" " tag="040"><subfield code="a">IFIN-HH</subfield></datafield><datafield ind1=" " ind2=" " tag="080"><subfield code="a">537.222.22:621.382(061.3)</subfield></datafield><datafield ind1="1" ind2=" " tag="110"><subfield code="a">Academy Of Sciences Of The Ussr</subfield></datafield><datafield ind1="1" ind2="0" tag="245"><subfield code="a">Ix international conference on the physics of semiconductors moscow, july 23-29, 1968</subfield><subfield code="b">Proceedings</subfield></datafield><datafield ind1=" " ind2=" " tag="260"><subfield code="a">Leningrad</subfield><subfield code="b">Publishing House Nauka</subfield><subfield code="c">1968</subfield></datafield><datafield ind1=" " ind2=" " tag="300"><subfield code="a">IN DOUA VOLUME</subfield></datafield><datafield ind1=" " ind2=" " tag="787"><subfield code="a">Vol. 2</subfield><subfield code="h">/634p./1328p</subfield></datafield><datafield ind1=" " ind2=" " tag="852"><subfield code="a">31529</subfield><subfield code="c">537.311.33</subfield></datafield><datafield ind1=" " ind2=" " tag="CAT"><subfield code="a">Sys</subfield><subfield code="c">20110721</subfield><subfield code="h">094659</subfield></datafield></record></collection>